<record><leader>00000cas a2200000 a 4500</leader><controlfield tag="001">4073291</controlfield><controlfield tag="008">780721d19271990fluwr ne      0   a0eng c</controlfield><datafield ind1=" " ind2=" " tag="010"><subfield code="a">sn 91066512 </subfield></datafield><datafield ind1=" " ind2=" " tag="040"><subfield code="a">HUL</subfield><subfield code="b">eng</subfield><subfield code="c">HUL</subfield><subfield code="d">NSD</subfield><subfield code="d">NYS</subfield><subfield code="d">MGN</subfield><subfield code="d">FUG</subfield><subfield code="d">OCLCQ</subfield><subfield code="d">J9U</subfield><subfield code="d">OCLCQ</subfield><subfield code="d">OCLCF</subfield><subfield code="d">OCLCO</subfield><subfield code="d">Y5J</subfield></datafield><datafield ind1=" " ind2=" " tag="012"><subfield code="i">9605</subfield></datafield><datafield ind1="7" ind2=" " tag="016"><subfield code="a">000276553</subfield><subfield code="2">IsJJNL</subfield></datafield><datafield ind1=" " ind2=" " tag="019"><subfield code="a">241579204</subfield></datafield><datafield ind1=" " ind2=" " tag="022"><subfield code="a">0021-6445</subfield></datafield><datafield ind1="1" ind2=" " tag="029"><subfield code="a">AU@</subfield><subfield code="b">000020666814</subfield></datafield><datafield ind1=" " ind2=" " tag="042"><subfield code="a">pcc</subfield></datafield><datafield ind1=" " ind2=" " tag="043"><subfield code="a">n-us-fl</subfield></datafield><datafield ind1=" " ind2=" " tag="096"><subfield code="a">015000965</subfield></datafield><datafield ind1="0" ind2="4" tag="245"><subfield code="a">The Jewish Floridian.</subfield></datafield><datafield ind1=" " ind2=" " tag="260"><subfield code="a">Miami, Fla. :</subfield><subfield code="b">Jewish Floridian Pub. Co.,</subfield><subfield code="c">-1990.</subfield></datafield><datafield ind1=" " ind2=" " tag="300"><subfield code="a">63 v.</subfield></datafield><datafield ind1=" " ind2=" " tag="310"><subfield code="a">Weekly</subfield></datafield><datafield ind1="1" ind2=" " tag="362"><subfield code="a">Began in 1927?</subfield></datafield><datafield ind1="0" ind2=" " tag="362"><subfield code="a">-v. 63, no. 20 (May 18, 1990).</subfield></datafield><datafield ind1=" " ind2=" " tag="500"><subfield code="a">Editor: Fred K. Shochet, &lt;1959&gt;.</subfield></datafield><datafield ind1=" " ind2=" " tag="530"><subfield code="a">Also issued on microfilm from the University of Florida.</subfield></datafield><datafield ind1=" " ind2=" " tag="588"><subfield code="a">Description based on: Vol. 5, no. 47 (Nov. 25, 1932).</subfield></datafield><datafield ind1=" " ind2="0" tag="650"><subfield code="a">Jewish newspapers</subfield><subfield code="z">Florida.</subfield></datafield><datafield ind1=" " ind2="0" tag="651"><subfield code="a">Miami (Fla.)</subfield><subfield code="v">Newspapers.</subfield></datafield><datafield ind1=" " ind2="0" tag="651"><subfield code="a">Miami-Dade County (Fla.)</subfield><subfield code="v">Newspapers.</subfield></datafield><datafield ind1=" " ind2="7" tag="650"><subfield code="a">Jewish newspapers.</subfield><subfield code="2">fast</subfield><subfield code="0">(OCoLC)fst00982872</subfield></datafield><datafield ind1=" " ind2="7" tag="651"><subfield code="a">Florida.</subfield><subfield code="2">fast</subfield><subfield code="0">(OCoLC)fst01205150</subfield></datafield><datafield ind1=" " ind2="7" tag="651"><subfield code="a">Florida</subfield><subfield code="z">Miami.</subfield><subfield code="2">fast</subfield><subfield code="0">(OCoLC)fst01213727</subfield></datafield><datafield ind1=" " ind2="7" tag="651"><subfield code="a">Florida</subfield><subfield code="z">Miami-Dade County.</subfield><subfield code="2">fast</subfield><subfield code="0">(OCoLC)fst01287298</subfield></datafield><datafield ind1=" " ind2="7" tag="655"><subfield code="a">Newspapers.</subfield><subfield code="2">fast</subfield><subfield code="0">(OCoLC)fst01423814</subfield></datafield><datafield ind1=" " ind2=" " tag="752"><subfield code="a">United States</subfield><subfield code="b">Florida</subfield><subfield code="c">Dade</subfield><subfield code="d">Miami.</subfield></datafield><datafield ind1="0" ind2=" " tag="775"><subfield code="t">Jewish Floridian and Shofar of Greater Hollywood</subfield><subfield code="g">Nov. 13, 1970-Oct. 28, 1983</subfield><subfield code="w">(DLC)sn 00229540</subfield><subfield code="w">(OCoLC)44512042</subfield></datafield><datafield ind1="0" ind2=" " tag="775"><subfield code="t">Jewish Floridian of South Broward</subfield><subfield code="g">Nov. 11, 1983-</subfield><subfield code="x">0746-7737</subfield><subfield code="w">(DLC)sn 84007836</subfield><subfield code="w">(OCoLC)10261932</subfield></datafield><datafield ind1="0" ind2=" " tag="775"><subfield code="t">Jewish Floridian of North Broward</subfield><subfield code="g">Oct. 22, 1971-Mar. 22, 1974</subfield><subfield code="w">(DLC)sn 00229546</subfield><subfield code="w">(OCoLC)44572461</subfield></datafield><datafield ind1="0" ind2=" " tag="775"><subfield code="t">Jewish Floridian of greater Ft. Lauderdale</subfield><subfield code="g">Apr. 5, 1974-</subfield><subfield code="w">(DLC)sn 00229544</subfield><subfield code="w">(OCoLC)44570819</subfield></datafield><datafield ind1="0" ind2=" " tag="775"><subfield code="t">Jewish Floridian of Palm Beach County (Palm Beach County, Fla. : 1975)</subfield><subfield code="g">Feb. 28, 1975-Dec. 17, 1982</subfield><subfield code="w">(DLC)sn 00229549</subfield><subfield code="w">(OCoLC)44598890</subfield></datafield><datafield ind1="0" ind2=" " tag="775"><subfield code="t">Jewish Floridian (Palm Beach, Fla. : 1982)</subfield><subfield code="g">Dec. 24, 1982-Aug. 30, 1985</subfield><subfield code="x">8750-5061</subfield><subfield code="w">(DLC)sn 84002107</subfield><subfield code="w">(OCoLC)11478248</subfield></datafield><datafield ind1="0" ind2=" " tag="775"><subfield code="t">Jewish Floridian of Palm Beach County (Palm Beach, Fla. : 1985)</subfield><subfield code="g">Sept. 13, 1985-</subfield><subfield code="w">(DLC)sn 00229552</subfield><subfield code="w">(OCoLC)44599498</subfield></datafield><datafield ind1="0" ind2=" " tag="775"><subfield code="t">Jewish Floridian of Pinellas County</subfield><subfield code="g">Apr. 25, 1980-</subfield><subfield code="x">0274-8002</subfield><subfield code="w">(DLC)sn 80001656</subfield><subfield code="w">(OCoLC)6600918</subfield></datafield><datafield ind1="0" ind2=" " tag="775"><subfield code="t">Jewish Floridian of South County</subfield><subfield code="g">Dec. 14, 1979-</subfield><subfield code="x">0274-8134</subfield><subfield code="w">(DLC)sn 80001567</subfield><subfield code="w">(OCoLC)6611458</subfield></datafield><datafield ind1="0" ind2=" " tag="775"><subfield code="t">Jewish Floridian of Tampa</subfield><subfield code="g">Apr. 6, 1979-</subfield><subfield code="x">8750-5053</subfield><subfield code="w">(DLC)sn 84002120</subfield><subfield code="w">(OCoLC)11479432</subfield></datafield><datafield ind1="1" ind2=" " tag="776"><subfield code="c">Microfilm</subfield><subfield code="d">George A. Smathers Libraries, University of Florida</subfield><subfield code="w">(DLC)sn 96027667</subfield><subfield code="w">(OCoLC)35317254</subfield></datafield><datafield ind1="0" ind2="5" tag="780"><subfield code="t">Jewish unity</subfield><subfield code="g">Mar. 15, 1935</subfield></datafield><datafield ind1="0" ind2="5" tag="780"><subfield code="t">Jewish weekly</subfield></datafield><datafield ind1="0" ind2="0" tag="785"><subfield code="t">Jewish Floridian/the Floridian newspaper</subfield><subfield code="w">(DLC)sn 96027406</subfield><subfield code="w">(OCoLC)34771561</subfield></datafield><datafield ind1=" " ind2=" " tag="850"><subfield code="a">FU</subfield></datafield></record>